"","Date","Number of Shares Outstanding","3-Year Regression Beta","3-year Standard Deviation of Stock Price","Book Debt to Capital Ratio","Book Value of Equity","Book Value of Assets","Capital Expenditures","Cash","Cash as Percentage of Firm Value","Cash as Percentage of Revenues","Cash as Percentage of Total Assets","Change in Non-Cash Working Capital","Correlation with the Market","Depreciation","Dividend Yield","Dividends","Earnings Before Interest and Taxes","EBIT for Previous Period","Earnings Before Interest Taxes Depreciation and Amortization","Effective Tax Rate","Enterprise Value","EV to Trailing Sales Ratio","EV To Sales Ratio","Free Cash Flow to Firm","Firm Value","Ratio of Fixed Assets to Total Assets","Forward Earnings Per Share","Previous Year Growth in Revenues","Hi-Lo Risk","Institutional Holdings","Ratio of Intangible Assets to Total Assets","Invested Capital","Market Capitalization","Market Debt to Equity Ratio","Market Debt to Capital Ratio","Net Income","Net Margin","Non-Cash Working Capital","Non-Cash Working Capital as Percentage of Revenues","Price to Book Value Ratio","Pre-Tax Operating Margin","Price to Sales Ratio","Reinvestment Amount","Revenues","Return on Equity","Sales General and Administration Expenses","Stock Price","Total Debt","Trading Volume","Trailing 12-month Revenues","Trailing Net Income","Trailing Revenues","Value Line Beta"
"1",2011-12-31,49.1,3.3,1.8381,0,4.5,22.4,0.5,20.3,0.085,203,0.9063,-323.7,0.45,0.5,0,0,NA,NA,NA,0,218.6,54.65,2186,NA,238.9,0.0223,NA,NA,0.771,0.6618,0,-15.8,238.9,0,0,-25.7,-257,-8.3,-83,53.09,NA,2389,-323.7,0.1,-5.7111,5.7,4.21,0,578167,4,-124.8,4,1.15
"2",2010-12-31,33.7,0.09,0.7627,0,4.9,16.2,0.1,14.7,0.23557692307692,NA,0.90740740740741,NA,0.36056116428478,0.5,0,0,NA,NA,NA,0,47.7,NA,NA,NA,62.4,0.018518518518519,NA,NA,0.47787610619469,0.2577,0,-9.8,62.4,0,0,-18.7,NA,-2.7,NA,12.734693877551,NA,NA,-0.4,NA,-3.8163265306122,5,1.22,0,291822,NA,-26.8,NA,1.1
"3",2009-12-31,33.6,0.7,0.8208,0,22.7,48.7,0,37.3,0.8714953271028,NA,0.7659137577002,NA,0.3807261208577,0.6,0,0,NA,NA,NA,0,5.5,NA,NA,NA,42.8,0.010266940451745,NA,NA,0.42521994134897,0.2934,0,-14.6,42.8,0,0,-23.6,NA,-2.6,NA,1.8854625550661,NA,NA,-0.6,NA,-1.0396475770925,5.5,1.35,0,61008,NA,-16.8,NA,1.25
"4",2008-12-31,15.2,0.77,0.9234,0.013824884792627,21.4,24.5,0,22.3,0.77972027972028,15.928571428571,0.91020408163265,1.2143,0.23391812865497,0.9,0,0,-18.2046,-18.2046,-17.3046,0,6.3,15.75,4.5,-18.5188,28.6,0.048979591836735,NA,-0.5903,0.75909090909091,0.1161,0,-0.6,28.3,0.010600706713781,0.010489510489511,-18.3,-13.071428571429,-1.7,-1.2142857142857,1.3224299065421,-13.003257142857,20.214285714286,0.3143,1.4,-0.85514018691589,6.7,1.8,0.3,107470,0.4,-28.2,0.4,1.35
"5",2007-12-31,6.2,2.5,0.8558,0.057692307692308,19.6,25.8,0,22.7,1.9401709401709,16.214285714286,0.87984496124031,0.5571,0.29913531198878,1,0,0,-31.525,-31.525,-30.525,0,-11,-6.875,-7.8571428571429,-31.0822,11.7,0.081395348837209,-0.24,-0.019,0.91194968553459,0.1344,0,-1.9,10.5,0.11428571428571,0.1025641025641,-30.7,-21.928571428571,-3.9,-2.7857142857143,0.53571428571429,-22.517885714286,7.5,-0.4429,1.4,-1.5663265306122,10.4,0.57,1.2,47153,1.6,-11,1.6,1.6
"6",2006-12-31,37.3,NA,NA,0.047413793103448,44.2,57,2.4,52.8,2.4444444444444,35.2,0.92631578947368,1.08,NA,0.9,0,0,-60.7778,-60.7778,-59.8778,0,-31.2,-18.352941176471,-20.8,-63.3578,21.6,0.056140350877193,NA,1.059,0.78481012658228,0.2609,0,-6.4,19.4,0.11340206185567,0.10185185185185,-55.7,-37.133333333333,-8.1,-5.4,0.43891402714932,-40.5185,12.933333333333,2.58,1.5,-1.2601809954751,14.5,0.54,2.2,157724,1.7,-33,1.7,3.65
"7",2005-12-31,37.2,NA,NA,0.0044543429844098,89.4,102.1,1.2,99.7,0.64614387556708,142.42857142857,0.97649363369246,14.9143,NA,0.6,0,0,-47.2291,-47.2291,-46.6291,0,54.6,28.736842105263,78,-62.7434,154.3,0.016650342801175,NA,NA,0.84565217391304,0.3024,0,-9.9,153.9,0.0025990903183886,0.0025923525599481,-44.4,-63.428571428571,-8.7,-12.428571428571,1.7214765100671,-67.470142857143,219.85714285714,15.5143,0.7,-0.49664429530201,11.2,3.7,0.4,2017298,1.9,-61.2,1.9,NA
"8",2004-12-31,0,0,0,NA,NA,0,0,0,NA,NA,NA,0,NA,0,0,0,NA,NA,NA,0,0,NA,NA,NA,0,NA,-1.52,0,0.48365384615385,0.2293,NA,0,0,NA,NA,0,NA,0,NA,NA,NA,NA,0,NA,NA,0,14.45,0,23643,NA,0,0,0
